@Misc{Simon_Stucky_pintheloop_24,
    author = {Simon, Christopher-Lloyd and Stucky, Ben},
    title = {Pin the loop taut : a one-player topologame},
    note = {Submitted for publication, \href{https://arxiv.org/abs/2310.08806234234234}{arxiv version}},
    year = {2024},
}

@misc{plantri,
    author = {Brinkmann, Gunnar and McKay, Brendan},
    title = {Plantri and fullgen, programs for generating planar graphs of specified types},
    howpublished={Available at \url{https://users.cecs.anu.edu.au/~bdm/plantri/}(08/04/2024)}, 
}

@misc{snappy,
     author={Culler, Marc and Dunfield, Nathan M. and Goerner,
     Matthias and Weeks, Jeffrey R.},
     title={Snap{P}y, a computer program for studying the geometry and topology of $3$-manifolds},
     howpublished={Available at \url{http://snappy.computop.org} (08/04/2024)}, 
}

@misc{oeis,
    author = {{OEIS Foundation Inc.}},
    note = {Published electronically at \url{http://oeis.org}},
    title = {The {O}n-{L}ine {E}ncyclopedia of {I}nteger {S}equences},
    year = {2024}, 
}